@Article{Das2011,
   Author="Das S. ",
   Title="{{L}{O}{R}{I}{S}: a web-based data management system for multi-center studies}",
   Journal="Front.Neuroinform",
   Year="2011",
   Volume="5"
}
